<?xml version="1.0" encoding="UTF-8"?><collection xmlns="http://www.loc.gov/MARC21/slim"><record><leader>00525nam--2200181-i-4500</leader><controlfield tag="001">000027929</controlfield><controlfield tag="002">20161230</controlfield><controlfield tag="005">20161230201037</controlfield><controlfield tag="008">060222s1000------------r-----000-0-fre-d</controlfield><datafield ind1=" " ind2=" " tag="040"><subfield code="a">IFIN-HH</subfield></datafield><datafield ind1=" " ind2=" " tag="041"><subfield code="a">fre</subfield></datafield><datafield ind1=" " ind2=" " tag="080"><subfield code="a">532.216.2:538.93(043)</subfield></datafield><datafield ind1="1" ind2=" " tag="100"><subfield code="a">Jong-hyun, Lee</subfield></datafield><datafield ind1="1" ind2="0" tag="245"><subfield code="a">Transport magneto-electrique dans les couches minces de silicium sur saphir</subfield><subfield code="b">These</subfield><subfield code="c">Lee jong-hyun</subfield></datafield><datafield ind1=" " ind2=" " tag="260"><subfield code="a">Grenoble</subfield><subfield code="b">Institut National Polytechnique</subfield><subfield code="c">1981</subfield></datafield><datafield ind1=" " ind2=" " tag="300"><subfield code="a">86P</subfield></datafield><datafield ind1=" " ind2=" " tag="852"><subfield code="a">71192</subfield><subfield code="c">532</subfield></datafield><datafield ind1=" " ind2=" " tag="CAT"><subfield code="a">Sys</subfield><subfield code="c">20110113</subfield><subfield code="h">154229</subfield></datafield></record></collection>